%% LaTeX2e file `Thesis-bibtex-entries.bib'
%% generated by the `bibtex-entries' environment
%% from source `Thesis' on 2024/03/21.
%%

@Book{Haber2012,
  author =       {Adam Haber and Matthew McGill and Claude Sammut},
  title =        {jmeSim: An Open Source, Multi Platform Robotics Simulator},
  institution =  {School of Computer Science and Engineering, UNSW},
  year =         {2012},
}

@Book{Shamshiri2018,
  author =       {Redmond Ramin Shamshiri and Ibrahim A. Hameed and 
                  Lenka Pitonakova and Cornelia Weltzien and Siva K. Balasundram and Ian J. Yule and Tony E. Grift and Girish Chowdhary},
  title =        {Simulation software and virtual environments for acceleration of 
                  agricultural robotics: Features highlights and performance comparison},
  institution =  {University of Illinois at Urbana Champaign},
  year =         {2018},
}

@Book{Pinciroli2012,
  author =       {Carlo Pinciroli and Vito Trianni and Rehan O’Grady and Giovanni Pini and Arne Brutschy and
                  Manuele Brambilla and Nithin Mathews and Eliseo Ferrante and Gianni Di Caro and
                  Frederick Ducatelle and Mauro Birattari and Luca Maria Gambardella and Marco Dorigo},
  title =        {ARGoS: a modular, parallel, multi-engine simulator for multi-robot systems},
  publisher =    {Springer Science+Business Media New York 2012},
  year =         {2012},
  doi =          {10.1007/s11721-012-0072-5},
}
% 6
@Book{Castillo2010,
  author =       {Patricio Castillo-Pizarro and Tom´as V. Arredondo and Miguel Torres-Torriti},
  title =        {Introductory Survey to Open-Source Mobile Robot Simulation Software},
  publisher =    {IEEE Latin American Robotics Symposium},
  year =         {2010},
  doi =          {10.1109/LARS.2010.19},
}
% 7
@Book{Kainberger2022,
  author =       {Barbara Kainberger},
  title =        {Collaborative Editing in Web Applications},
  subtitle =     {Exploration and Implementation of a collaborative real-time web application
                  with React, Yjs and modular rich-text editor frameworks.},
  institution =  {University of Applied Sciences FH Campus Wien},
  year =         {2022},
}
% 9
@Book{Ivaldi2015,
  author =       {Serena Ivaldi and Jan Peters and Vincent Padois and Francesco Nori},
  title =        {Tools for simulating humanoid robot dynamics: a survey
                  based on user feedback},
  publisher =    {IEEE-RAS International Conference on Humanoid Robots(Humanoids)},
  year =         {2015},
}
% 10
@Book{Prats2012,
  author =       {Mario Prats and Javier P´ erez and J. Javier Fern´andez and Pedro J. Sanz},
  title =        {An Open Source Tool for Simulation and Supervision of Underwater Intervention Missions},
  publisher =    {IEEE/RSJ International Conference on Intelligent Robots and Systems},
  year =         {2012},
  doi =          {10.1109/IROS.2012.6385788},
}
% sus
@Book{Brooke1995,
  author =       {John Brooke},
  title =        {SUS: A quick and dirty usability scale},
  year =         {1995},
}
% preprint
@Book{Schiller2023,
  author =       {Javad Ghofrani and Vincent Schiller},
  title =        {Application of Virtual Reality in Human-Swarm Interaction},
  year =         {2023},
  doi =          {10.20944/preprints202306.2110.v1},
}
% von javad
@Book{Staranowicz2011,
  author =       {Aaron Staranowicz and Gian Luca Mariottini},
  title =        {A Survey and Comparison of Commercial and Open-Source Robotic Simulator Software},
  publisher =    {Proceedings of the 4th International Conference on Pervasive Technologies Related to Assistive Environments},
  year =         {2011},
  doi =          {10.1145/2141622.2141689},
}
% webviz
@Manual{ARGoS3-Webviz,
  title =        {ARGoS3-Webviz},
  author =       {Prajankya Sonar},
  url =          {https://github.com/NESTLab/argos3-webviz},
  urldate =      {2024-06-30},
  date =         {2020-05-18},
  version =      {0.4.76}
}
% ace
@Manual{ace,
  title =        {Ace (Ajax.org Cloud9 Editor)},
  author =       {Alice Koreman},
  url =          {https://github.com/ajaxorg/ace},
  urldate =      {2024-06-30},
  year =         {2010},
  version =      {v1.35.2}
}

@Book{Knuth1986,
  author =       {Donald Erwin Knuth},
  title =        {The \TeX book},
  publisher =    {Addison-Wesley},
  year =         {1986},
}

@Book{Lamport1994,
  author =       {Leslie Lamport},
  title =        {\LaTeX: A Document Preparation System},
  publisher =    {Addison-Wesley},
  edition =      {Second edition},
  year =         {1994},
}

@TechReport{Kernighan1974,
  author =       {Brian Kernighan},
  title =        {Programming in C – A Tutorial},
  institution =  {Bell Laboratories},
  year =         {1974}
}

@Manual{Tantau2019,
  author =       {Till Tantau},
  title =        {The Ti\emph kZ and PGF Packages: Manual for version 3.1.3},
  institution =  {Institut für Theoretische Informatik, Universität zu Lübeck},
  year =         {2019},
  url =          {https://github.com/pgf-tikz/pgf}
}

@Book{Alley1996,
  author =       {Michael Alley},
  title =        {The Craft of Scientific Writing},
  publisher =    {Springer},
  year =         {1996},
  edition =      {Third Edition},
}

@Book{DowneyF13,
  author =       {R. G. Downey and M. R. Fellows},
  title =        {Fundamentals of Parameterized Complexity},
  series =       {Texts in Computer Science},
  publisher =    {Springer},
  year =         2013,
  doi =          {10.1007/978-1-4471-5559-1},
}

@Manual{biblatex,
  title =        {The \textsc{BibLaTeX} package},
  subtitle =     {Sophisticated Bibliographies in \LaTeX},
  author =       {Kime, Philip and Lehman, Philipp},
  url =          {https://github.com/plk/biblatex},
  urldate =      {2019-06-11},
  date =         {2018-10-30},
  version =      {3.12}
}

@Manual{varioref,
  title =        {The \textsc{varioref} package},
  subtitle =     {Intelligent page references},
  author =       {Mittelbach, Frank},
  url =          {http://www.ctan.org/pkg/varioref},
  urldate =      {2019-06-11},
  date =         {2016-02-16},
  version =      {1.5c}
}

@Manual{hyperref,
  title =        {The \textsc{hyperref} package},
  subtitle =     {Extensive support for hypertext in \LaTeX},
  author =       {Rahtz, Sebastian and Oberdiek, Heiko},
  url =          {https://github.com/ho-tex/hyperref},
  urldate =      {2019-06-11},
  date =         {2018-11-30},
  version =      {6.88e}
}

@Manual{babel,
  title =        {The \textsc{babel} package},
  subtitle =     {Multilingual support for Plain \TeX\ or \LaTeX},
  author =       {Braams, Johannes L. and Bezos López, Javier},
  url =          {http://www.ctan.org/pkg/babel},
  urldate =      {2019-06-11},
  date =         {2019-06-03},
  version =      {3.32}
}

@Manual{fontspec,
  title =        {The \textsc{fontspec} package},
  subtitle =     {Advanced font selection in Xe\LaTeX\ and Lua\LaTeX},
  author =       {Robertson, Will},
  url =          {http://www.ctan.org/pkg/fontspec},
  urldate =      {2019-06-11},
  version =      {2.7c}
}

@Manual{url,
  title =        {The \textsc{url} package},
  subtitle =     {Verbatim with \textsc{url}-sensitive line breaks},
  author =       {Arseneau, Donald},
  url =          {http://www.ctan.org/pkg/url},
  urldate =      {2019-06-11},
  date =         {2013-09-16},
  version =      {3.4}
}

@Manual{amsmath,
  title =        {The \textsc{amsmath} package},
  subtitle =     {\AmS\ mathematical facilities for \LaTeX},
  author =       {{The \LaTeX\ Team}},
  url =          {http://www.ams.org/tex/amslatex.html},
  urldate =      {2019-06-11},
  date =         {2017-09-02},
  version =      {2.17a}
}

@Book{Beutelspacher2009,
  title =        {„Das ist o.\,B.\,d.\,A.\ trivial!“: Tipps und Tricks zur
                  Formulierung mathematischer Gedanken (Mathematik für
                  Studienanfänger)},
  author =       {Albrecht Beutelspacher},
  year =         {2009},
  edition =      {Ninth, updated edition},
  publisher =    {Vieweg+Teubner Verlag},
  doi =          {10.1007/978-3-8348-9075-7},
}

